@ARTICLE{lgbil,
  author={Gu, Fuqiang and Valaee, Shahrokh and Khoshelham, Kourosh and Shang, Jianga and Zhang, Rui},
  journal={IEEE Internet of Things Journal}, 
  title={Landmark Graph-Based Indoor Localization}, 
  year={2020},
  volume={7},
  number={9},
  pages={8343-8355},
  keywords={Wireless fidelity;Hidden Markov models;Sensors;Smart phones;Internet of Things;Fingerprint recognition;Calibration;Indoor positioning;landmarks;location-based services;pedestrian dead reckoning (PDR);smartphones;spatial information},
  doi={10.1109/JIOT.2020.2989501}}